
@github{Github_repository,
URL={https://github.com/AnadelVal/epigeneticsGSE55304}
}

@source{Gene_Expression_Omnibus,
{https://www.ncbi.nlm.nih.gov/geo/query/acc.cgi?acc=GSE55304}
}